<?xml version="1.0" encoding="UTF-8"?><record xmlns="http://www.loc.gov/MARC21/slim" xmlns:cinclude="http://apache.org/cocoon/include/1.0" xmlns:zs="http://www.loc.gov/zing/srw/">
  <leader>00315nz  a2200121n  4500</leader>
  <controlfield tag="001">n  95086410 </controlfield>
  <controlfield tag="003">DLC</controlfield>
  <controlfield tag="005">19950831070308.6</controlfield>
  <controlfield tag="008">950831n| acannaab|          |n aaa |||  </controlfield>
  <datafield tag="010" ind1=" " ind2=" ">
    <subfield code="a">n  95086410 </subfield>
  </datafield>
  <datafield tag="040" ind1=" " ind2=" ">
    <subfield code="a">DLC</subfield>
    <subfield code="c">DLC</subfield>
  </datafield>
  <datafield tag="100" ind1="1" ind2="0">
    <subfield code="a">Marpinard, A.</subfield>
  </datafield>
  <datafield tag="670" ind1=" " ind2=" ">
    <subfield code="a">Design of dependable Ada software, 1996:</subfield>
    <subfield code="b">CIP t.p. (A. Marpinard)</subfield>
  </datafield>
</record>